@misc{satc,
	title = {The International SAT Competition},
	howpublished = {\url{http://www.satcompetition.org/}},
	note = {Accessed: 2023-08-14}
}



@book{series/faia/2009-185,
  editor    = {Armin Biere and
               Marijn Heule and
               Hans van Maaren and
               Toby Walsh},
  title     = {Handbook of Satisfiability},
  series    = {Frontiers in Artificial Intelligence and Applications},
  volume    = {185},
  publisher = {{IOS} Press},
  year      = {2009},
  isbn      = {978-1-58603-929-5}
}

@article{glivenko1929quelques,
	title={Sur quelques points de la logique de {M. B}rouwer},
	author={Glivenko, Valery},
	journal={Bulletins de la classe des sciences},
	volume={15},
	number={5},
	pages={183--188},
	year={1929}
}

@article{godel1933intuitionistischen,
	title={Zur intuitionistischen {A}rithmetik und {Z}ahlentheorie},
	author={G{\"o}del, Kurt},
	journal={Ergebnisse eines mathematischen Kolloquiums},
	volume={4},
	number={1933},
	pages={34--38},
	year={1933}
}

@inproceedings{kovacs2013first,
	title={First-order theorem proving and {V}ampire},
	author={Kov{\'a}cs, Laura and Voronkov, Andrei},
	booktitle={International Conference on Computer Aided Verification},
	pages={1--35},
	year={2013},
	organization={Springer}
}

@inproceedings{korovin2008iprover,
	title={iProver--an instantiation-based theorem prover for first-order logic (system description)},
	author={Korovin, Konstantin},
	booktitle={International Joint Conference on Automated Reasoning},
	pages={292--298},
	year={2008},
	organization={Springer}
}
	
@article{glivenko1929,
	title={Sur quelques points de la logique de M. Brouwer},
	author={Glivenko, Valery},
	journal={Bulletins de la classe des sciences},
	volume={15},
	number={5},
	pages={183--188},
	year={1929},
}

@article{schulz2002brainiac,
	title={E--a brainiac theorem prover},
	author={Schulz, Stephan},
	journal={Ai Communications},
	volume={15},
	number={2-3},
	pages={111--126},
	year={2002},
	publisher={IOS Press}
}

@article{howard1980formulae,
	title={The formulae-as-types notion of construction},
	author={Howard, William A},
	journal={To HB Curry: essays on combinatory logic, lambda calculus and formalism},
	volume={44},
	pages={479--490},
	year={1980}
}

@incollection{friedman1978classically,
	title={Classically and intuitionistically provably recursive functions},
	author={Friedman, Harvey},
	booktitle={Higher set theory},
	pages={21--27},
	year={1978},
	publisher={Springer}
}


@article{schwichtenberg,
	title={Refined program extraction from classical proofs},
	author={Berger, Ulrich and Buchholz, Wilfried and Schwichtenberg, Helmut},
	journal={Annals of Pure and Applied Logic},
	volume={114},
	number={1-3},
	pages={3--25},
	year={2002},
	publisher={Elsevier}
}



@inproceedings{Control1,
	title={A formulae-as-type notion of control},
	author={Griffin, Timothy G},
	booktitle={Proceedings of the 17th ACM SIGPLAN-SIGACT symposium on Principles of programming languages},
	pages={47--58},
	year={1989}
}

@inproceedings{Parigot1,
	title={$\lambda$$\mu$-calculus: an algorithmic interpretation of classical natural deduction},
	author={Parigot, Michel},
	booktitle={International Conference on Logic for Programming Artificial Intelligence and Reasoning},
	pages={190--201},
	year={1992},
	organization={Springer}
}


@article{statman1979intuitionistic,
	title={Intuitionistic propositional logic is polynomial-space complete},
	author={Statman, Richard},
	journal={Theoretical Computer Science},
	volume={9},
	number={1},
	pages={67--72},
	year={1979},
	publisher={Elsevier}
}

@article{iemhoff2010eskolemization,
	title={The eskolemization of universal quantifiers},
	author={Iemhoff, Rosalie},
	journal={Annals of Pure and Applied Logic},
	volume={162},
	number={3},
	pages={201--212},
	year={2010},
	publisher={Elsevier}
}

@InCollection{sep-logic-intuitionistic,
	author       =	{Moschovakis, Joan},
	title        =	{{Intuitionistic Logic}},
	booktitle    =	{The {Stanford} Encyclopedia of Philosophy},
	editor       =	{Edward N. Zalta},
	howpublished =	{\url{https://plato.stanford.edu/archives/fall2021/entries/logic-intuitionistic/}},
	year         =	{2021},
	edition      =	{{F}all 2021},
	publisher    =	{Metaphysics Research Lab, Stanford University}
}

@book{fitting2012first,
	title={First-order logic and automated theorem proving},
	author={Fitting, Melvin},
	year={2012},
	publisher={Springer Science \& Business Media}
}

@incollection{tseitin1983complexity,
	title={On the complexity of derivation in propositional calculus},
	author={Tseitin, Grigori S},
	booktitle={Automation of reasoning},
	pages={466--483},
	year={1983},
	publisher={Springer}
}

@article{baaz2006skolemization,
	title={The {S}kolemization of existential quantifiers in intuitionistic logic},
	author={Baaz, Matthias and Iemhoff, Rosalie},
	journal={Annals of Pure and Applied Logic},
	volume={142},
	number={1-3},
	pages={269--295},
	year={2006},
	publisher={Elsevier}
}

@book{garey1979computers,
	title={Computers and intractability},
	author={Garey, Michael R and Johnson, David S},
	volume={174},
	year={1979},
	publisher={freeman San Francisco}
}

@book{brouwer1907over,
	title={Over de grondslagen der wiskunde},
	author={Brouwer, Luitzen Egbertus Jan},
	year={1907},
	publisher={Maas \& van Suchtelen}
}

@article{bishop1967foundations,
	title={Foundations of constructive analysis},
	author={Bishop, Errett},
	year={1967}
}

@inproceedings{cook1971complexity,
	title={The complexity of theorem-proving procedures},
	author={Cook, Stephen A},
	booktitle={Proceedings of the third annual ACM symposium on Theory of computing},
	pages={151--158},
	year={1971}
}

@article{bachmair1994rewrite,
  title={Rewrite-based equational theorem proving with selection and simplification},
  author={Bachmair, Leo and Ganzinger, Harald},
  journal={Journal of Logic and Computation},
  volume={4},
  number={3},
  pages={217--247},
  year={1994},
  publisher={Oxford University Press}
}

@article{bachmair2001resolution,
	title={{Resolution Theorem Proving.}},
	author={Bachmair, Leo and Ganzinger, Harald},
	journal={Handbook of automated reasoning},
	volume={1},
	number={02},
	year={2001}
}

@inproceedings{tammet1996resolution,
	title={A resolution theorem prover for intuitionistic logic},
	author={Tammet, Tanel},
	booktitle={International Conference on Automated Deduction},
	pages={2--16},
	year={1996},
	organization={Springer}
}

@inproceedings{mclaughlin2009efficient,
	title={Efficient intuitionistic theorem proving with the polarized inverse method},
	author={McLaughlin, Sean and Pfenning, Frank},
	booktitle={International Conference on Automated Deduction},
	pages={230--244},
	year={2009},
	organization={Springer}
}

@misc{casc,
	title = {{The CADE ATP System Competition (CASC)}},
	howpublished = {\url{https://www.tptp.org/CASC/28/}},
	note = {Accessed: 2023-08-14}
}

@misc{iltp,
	title = {{The Intuitionistic Logic Theorem Proving (ILTP) library}},
	howpublished = {\url{http://iltp.de/results.html}},
	note = {Accessed: 2023-08-14}
}

@article{gentzen1936widerspruchsfreiheit,
	title={{Die Widerspruchsfreiheit der reinen Zahlentheorie}},
	author={Gentzen, Gerhard},
	journal={Mathematische annalen},
	volume={112},
	number={1},
	pages={493--565},
	year={1936},
	publisher={Springer}
}

@inproceedings{claessen2015sat,
	title={{SAT modulo intuitionistic implications}},
	author={Koen Claessen, Dan Ros{\'e}n},
	booktitle={Logic for Programming, Artificial Intelligence, and Reasoning},
	pages={622--637},
	year={2015},
	organization={Springer}
}

@inproceedings{fiorentini2019proof,
	title={{A proof-theoretic perspective on SMT-solving for intuitionistic propositional logic}},
	author={Fiorentini, Camillo and Gor{\'e}, Rajeev and Graham-Lengrand, St{\'e}phane},
	booktitle={International Conference on Automated Reasoning with Analytic Tableaux and Related Methods},
	pages={111--129},
	year={2019},
	organization={Springer}
}

@inproceedings{otten2005clausal,
	title={Clausal connection-based theorem proving in intuitionistic first-order logic},
	author={Otten, Jens},
	booktitle={International Conference on Automated Reasoning with Analytic Tableaux and Related Methods},
	pages={245--261},
	year={2005},
	organization={Springer}
}

@inproceedings{otten2021nanocop,
	title={{The nanoCoP 2.0 Connection Provers for Classical, Intuitionistic and Modal Logics}},
	author={Otten, Jens},
	booktitle={International Conference on Automated Reasoning with Analytic Tableaux and Related Methods},
	pages={236--249},
	year={2021},
	organization={Springer}
}


@misc{LEO,
	title = {{The Leo-III project}},
	howpublished = {\url{http://page.mi.fu-berlin.de/lex/leo3/}},
	note = {Accessed: 2023-08-14}
}

@inproceedings{otten2008leancop,
	title={{leanCoP 2.0 and ileanCoP 1.2: high performance lean theorem proving in classical and intuitionistic logic (system descriptions)}},
	author={Otten, Jens},
	booktitle={International Joint Conference on Automated Reasoning},
	pages={283--291},
	year={2008},
	organization={Springer}
}

@book{basicprooftheory,
	title={Basic proof theory},
	author={Troelstra, Anne Sjerp and Schwichtenberg, Helmut},
	number={43},
	year={2000},
	publisher={Cambridge University Press}
}

@article{wisniewski2016tptp,
	title={{TPTP and beyond: Representation of quantified non-classical logics}},
	author={Wisniewski, Max and Steen, Alexander and Benzm{\"u}ller, Christoph},
	journal={ARQNL 2016. Automated Reasoning in Quantified Non-Classical Logics},
	pages={51--65},
	year={2016},
	publisher={CEUR-WS. org}
}

@inproceedings{pavlov2017whaleprover,
	title={{WhaleProver: first-order intuitionistic theorem prover based on the inverse method}},
	author={Pavlov, Vladimir and Pak, Vadim},
	booktitle={International Andrei Ershov Memorial Conference on Perspectives of System Informatics},
	pages={322--336},
	year={2017},
	organization={Springer}
}

@inproceedings{mclaughlin2008imogen,
	title={{Imogen: Focusing the polarized inverse method for intuitionistic propositional logic}},
	author={McLaughlin, Sean and Pfenning, Frank},
	booktitle={International Conference on Logic for Programming Artificial Intelligence and Reasoning},
	pages={174--181},
	year={2008},
	organization={Springer}
}

@misc{thesis,
  author       = {Pluska, Alexander},
  howpublished = {Master's thesis, University of Vienna},
  title        = {Automated deduction for intuitionistic logic via embedding into classical logic},
  year         = {2022}
}

@inproceedings{pluska2023embedding,
  title={Embedding Intuitionistic into Classical Logic},
  author={Pluska, Alexander and Zuleger, Florian},
  booktitle={Proceedings of 24th International Conference on Logic},
  volume={94},
  pages={329--349},
  year={2023}
}

@book{bertot2013interactive,
  title={Interactive theorem proving and program development: Coq’Art: the calculus of inductive constructions},
  author={Bertot, Yves and Cast{\'e}ran, Pierre},
  year={2013},
  publisher={Springer Science \& Business Media}
}

@inproceedings{de2015lean,
  title={The Lean theorem prover (system description)},
  author={de Moura, Leonardo and Kong, Soonho and Avigad, Jeremy and Van Doorn, Floris and von Raumer, Jakob},
  booktitle={Automated Deduction-CADE-25: 25th International Conference on Automated Deduction, Berlin, Germany, August 1-7, 2015, Proceedings 25},
  pages={378--388},
  year={2015},
  organization={Springer}
}

@article{czajka2018hammer,
  title={Hammer for Coq: Automation for dependent type theory},
  author={Czajka, {\L}ukasz and Kaliszyk, Cezary},
  journal={Journal of automated reasoning},
  volume={61},
  pages={423--453},
  year={2018},
  publisher={Springer}
}


@inproceedings{bohme2010sledgehammer,
  title={Sledgehammer: judgement day},
  author={B{\"o}hme, Sascha and Nipkow, Tobias},
  booktitle={Automated Reasoning: 5th International Joint Conference, IJCAR 2010, Edinburgh, UK, July 16-19, 2010. Proceedings 5},
  pages={107--121},
  year={2010},
  organization={Springer}
}

@article{kaliszyk2018reinforcement,
  title={Reinforcement learning of theorem proving},
  author={Kaliszyk, Cezary and Urban, Josef and Michalewski, Henryk and Ol{\v{s}}{\'a}k, Miroslav},
  journal={Advances in Neural Information Processing Systems},
  volume={31},
  year={2018}
}

@article{loos2017deep,
  title={Deep network guided proof search},
  author={Loos, Sarah and Irving, Geoffrey and Szegedy, Christian and Kaliszyk, Cezary},
  journal={arXiv preprint arXiv:1701.06972},
  year={2017}
}

@inproceedings{rawson2019neurally,
  title={A neurally-guided, parallel theorem prover},
  author={Rawson, Michael and Reger, Giles},
  booktitle={Frontiers of Combining Systems: 12th International Symposium, FroCoS 2019, London, UK, September 4-6, 2019, Proceedings 12},
  pages={40--56},
  year={2019},
  organization={Springer}
}

@article{tptp,
  title={The TPTP problem library},
  author={Sutcliffe, Geoff and Suttner, Christian},
  journal={Journal of Automated Reasoning},
  volume={21},
  pages={177--203},
  year={1998},
  publisher={Springer}
}

@inproceedings{otten2005clausal,
  title={Clausal connection-based theorem proving in intuitionistic first-order logic},
  author={Otten, Jens},
  booktitle={Automated Reasoning with Analytic Tableaux and Related Methods: 14th International Conference, TABLEAUX 2005, Koblenz, Germany, September 14-17, 2005. Proceedings 14},
  pages={245--261},
  year={2005},
  organization={Springer}
}

@inproceedings{gleiss2020subsumption,
  title={Subsumption demodulation in first-order theorem proving},
  author={Gleiss, Bernhard and Kov{\'a}cs, Laura and Rath, Jakob},
  booktitle={Automated Reasoning: 10th International Joint Conference, IJCAR 2020, Paris, France, July 1--4, 2020, Proceedings, Part I 10},
  pages={297--315},
  year={2020},
  organization={Springer}
}

@article{hillenbrand2013search,
  title={From search to computation: Redundancy criteria and simplification at work},
  author={Hillenbrand, Thomas and Piskac, Ruzica and Waldmann, Uwe and Weidenbach, Christoph},
  journal={Programming Logics: Essays in Memory of Harald Ganzinger},
  pages={169--193},
  year={2013},
  publisher={Springer}
}

@article{rawson2018dynamic,
  title={Dynamic strategy priority: Empower the strong and abandon the weak},
  author={Rawson, Michael and Reger, Giles},
  journal={AITP 2018},
  year={2018}
}

@inproceedings{bartek2020learning,
  title={Learning Precedences from Simple Symbol Features.},
  author={B{\'a}rtek, Filip and Suda, Martin},
  booktitle={PAAR+ SC$^2$@ IJCAR},
  pages={21--33},
  year={2020}
}

@inproceedings{bartek2023much,
  title={How Much Should This Symbol Weigh? A GNN-Advised Clause Selection},
  author={B{\'a}rtek, Filip and Suda, Martin},
  booktitle={Proceedings of 24th International Conference on Logic},
  volume={94},
  pages={96--111},
  year={2023}
}

@inproceedings{jakubuuv2017enigma,
  title={ENIGMA: efficient learning-based inference guiding machine},
  author={Jakub{\uu}v, Jan and Urban, Josef},
  booktitle={Intelligent Computer Mathematics: 10th International Conference, CICM 2017, Edinburgh, UK, July 17-21, 2017, Proceedings 10},
  pages={292--302},
  year={2017},
  organization={Springer}
}

@article{kaliszyk2018reinforcement,
  title={Reinforcement learning of theorem proving},
  author={Kaliszyk, Cezary and Urban, Josef and Michalewski, Henryk and Ol{\v{s}}{\'a}k, Miroslav},
  journal={Advances in Neural Information Processing Systems},
  volume={31},
  year={2018}
}

@inproceedings{crouse2021deep,
  title={A deep reinforcement learning approach to first-order logic theorem proving},
  author={Crouse, Maxwell and Abdelaziz, Ibrahim and Makni, Bassem and Whitehead, Spencer and Cornelio, Cristina and Kapanipathi, Pavan and Srinivas, Kavitha and Thost, Veronika and Witbrock, Michael and Fokoue, Achille},
  booktitle={Proceedings of the AAAI Conference on Artificial Intelligence},
  volume={35},
  number={7},
  pages={6279--6287},
  year={2021}
}

@techreport{hozzova2023program,
  title={Program Synthesis in Saturation},
  author={Hozzov{\'a}, Petra and Kov{\'a}cs, Laura and Norman, Chase and Voronkov, Andrei},
  year={2023},
  institution={EasyChair}
}